<?xml version="1.0" encoding="UTF-8"?><collection xmlns="http://www.loc.gov/MARC21/slim"><record><leader>00398nam--2200121-i-4500</leader><controlfield tag="001">000007142</controlfield><controlfield tag="002">20161230</controlfield><controlfield tag="005">20170302233012</controlfield><controlfield tag="008">060222s1000------------r-----000-0-eng-d</controlfield><datafield ind1=" " ind2=" " tag="245"><subfield code="a">Dk. dezimalklassification. 2-te deutsche gesamtausgabe, achte internationale ausgabe. Abteilung 62: Ingenieurwesen. Technik</subfield></datafield><datafield ind1=" " ind2=" " tag="260"><subfield code="a">Berlin</subfield><subfield code="b">Beuth-vetrieb Gmbh</subfield><subfield code="c">1964</subfield></datafield><datafield ind1=" " ind2=" " tag="300"><subfield code="a">248 p</subfield></datafield><datafield ind1=" " ind2=" " tag="CAT"><subfield code="a">SYS</subfield><subfield code="c">20170302</subfield><subfield code="h">233012</subfield></datafield></record></collection>